
@article{huber_preliminary_2009,
	title = {Preliminary Surrogate Mixture Models for the Thermophysical Properties of Rocket Propellants {RP}-1 and {RP}-2},
	volume = {23},
	issn = {0887-0624, 1520-5029},
	url = {https://pubs.acs.org/doi/10.1021/ef900216z},
	doi = {10.1021/ef900216z},
	pages = {3083--3088},
	number = {6},
	journaltitle = {Energy \& Fuels},
	author = {Huber, M. L. and Lemmon, E. W. and Ott, L. S. and Bruno, T. J.},
	urldate = {2020-05-10},
	date = {2009-06-18},
	langid = {english},
	file = {900238.pdf:/home/jkraan/Zotero/storage/GRY7SFP9/900238.pdf:application/pdf}
}

@inproceedings{naraghi_simple_2008,
	title = {A Simple Approach for Thermal Analysis of Regenerative Cooling of Rocket Engines},
	isbn = {978-0-7918-4871-5},
	url = {https://asmedigitalcollection.asme.org/IMECE/proceedings/IMECE2008/48715/531/332170},
	doi = {10.1115/IMECE2008-67988},
	pages = {531--538},
	publisher = {{ASMEDC}},
	author = {Naraghi, Mohammad H. and Foulon, Matthieu},
	urldate = {2020-05-10},
	date = {2008-01-01},
	file = {IMECE2008-67988(1).pdf:/home/jkraan/Zotero/storage/M5MTIF2F/IMECE2008-67988(1).pdf:application/pdf}
}

@book{huang_modern_1992,
	location = {Washington {DC}},
	title = {Modern Engineering for Design of Liquid-Propellant Rocket Engines},
	isbn = {978-1-56347-013-4 978-1-60086-619-7},
	url = {http://arc.aiaa.org/doi/book/10.2514/4.866197},
	publisher = {American Institute of Aeronautics and Astronautics},
	author = {Huang, David H. and Huzel, Dieter K.},
	urldate = {2019-07-29},
	date = {1992-01},
	langid = {english},
	note = {{DOI}: 10.2514/4.866197},
	file = {Huang and Huzel - 1992 - Modern Engineering for Design of Liquid-Propellant.pdf:/home/jkraan/Zotero/storage/28V27AZK/Huang and Huzel - 1992 - Modern Engineering for Design of Liquid-Propellant.pdf:application/pdf}
}

@incollection{bartz_turbulent_1965,
	title = {Turbulent Boundary-Layer Heat Transfer from Rapidly Accelerating Flow of Rocket Combustion Gases and of Heated Air},
	volume = {2},
	isbn = {978-0-12-020002-3},
	url = {https://linkinghub.elsevier.com/retrieve/pii/S0065271708702612},
	pages = {1--108},
	booktitle = {Advances in Heat Transfer},
	publisher = {Elsevier},
	author = {Bartz, D.R.},
	urldate = {2019-07-26},
	date = {1965},
	langid = {english},
	note = {{DOI}: 10.1016/S0065-2717(08)70261-2},
	file = {bartz1965.pdf:/home/jkraan/Zotero/storage/5VM9REBM/bartz1965.pdf:application/pdf}
}

@book{bergman_fundamentals_2017,
	title = {Fundamentals of heat and mass transfer},
	isbn = {978-1-119-33010-3},
	author = {Bergman, Theodore L and Lavine, Adrienne S},
	date = {2017},
	note = {{OCLC}: 1084350679},
	file = {Fundamentals of Heat and Mass Transfer by Theodore L. Bergman, Adrienne S. Lavine, Frank P. Incropera, David P. DeWitt (z-lib.org).pdf:/home/jkraan/Zotero/storage/YH4Z8GQL/Fundamentals of Heat and Mass Transfer by Theodore L. Bergman, Adrienne S. Lavine, Frank P. Incropera, David P. DeWitt (z-lib.org).pdf:application/pdf}
}

@article{wang_thermophysics_2001,
	title = {Thermophysics Characterization of Kerosene Combustion},
	volume = {15},
	issn = {0887-8722, 1533-6808},
	url = {https://arc.aiaa.org/doi/10.2514/2.6602},
	doi = {10.2514/2.6602},
	pages = {140--147},
	number = {2},
	journaltitle = {Journal of Thermophysics and Heat Transfer},
	author = {Wang, Ten-See},
	urldate = {2020-08-16},
	date = {2001-04},
	langid = {english},
	file = {wang2001.pdf:/home/jkraan/Zotero/storage/HUXGRC8L/wang2001.pdf:application/pdf}
}

@software{gorden_computer_1996,
	location = {{NASA} Reference Publication 1311},
	title = {Computer Program for Calculation of Complex Chemical Equilibrium Compositions and Applications},
	author = {Gorden, S. and {McBride}, B. J.},
	date = {1996},
	file = {RP-1311.pdf:/home/jkraan/Zotero/storage/7AYV69TF/RP-1311.pdf:application/pdf}
}

@report{youngblood_design_2015,
	title = {Design and Testing of a Liquid Nitrous Oxide and Ethanol  Fueled Rocket Engine},
	author = {Youngblood, Stewart},
	date = {2015-08},
	file = {Youngblood2015.pdf:/home/jkraan/Zotero/storage/9GNYVBPG/Youngblood2015.pdf:application/pdf}
}

@online{smith_gri-mech_????,
	title = {{GRI}-{MECH} 3.0},
	url = {http://www.me.berkeley.edu/gri_mech/},
	author = {Smith, Gregory and Golden, David}
}

@report{mcbride_nasa_2002,
	title = {{NASA} Glenn Coefficients for Calculating Thermodynamic Properties of Individual Species},
	author = {{McBride}, Bonnie J. and Zehe, Michael and Gordon, Sanford},
	date = {2002-09},
	file = {TP-2002-211556.pdf:/home/jkraan/Zotero/storage/XTAITG7D/TP-2002-211556.pdf:application/pdf}
}

@misc{martinez-sanchez_reacting_????,
	title = {Reacting Nozzle Flow},
	author = {Martinez-Sanchez, Manuel},
	file = {reacting_nozzle_flow.pdf:/home/jkraan/Zotero/storage/T5LWTAS8/reacting_nozzle_flow.pdf:application/pdf}
}

@online{_cantera_????,
	title = {Cantera Examples - Sound Speed},
	url = {https://cantera.org/examples/python/thermo/sound_speed.py.html}
}

@report{grisson_liquid_1991,
	title = {Liquid Film Cooling in Rocket Engines},
	institution = {Arnold Engineering Development Center},
	author = {Grisson, William M.},
	date = {1991-03},
	file = {liquid_film_cooling.pdf:/home/jkraan/Zotero/storage/PLVXI85I/liquid_film_cooling.pdf:application/pdf}
}

@report{campbell_thrust_1963,
	title = {Thrust Chamber Cooling Techniques for Spacecraft Engines},
	author = {Campbell, J.G. and Batha, D.R.},
	date = {1963-02},
	file = {Thrust_Chamber_Cooling_Volume_2.pdf:/home/jkraan/Zotero/storage/RFD6MPHY/Thrust_Chamber_Cooling_Volume_2.pdf:application/pdf}
}

@inproceedings{cook_advanced_1980,
	title = {Advanced cooling techniques for high-pressure, hydrocarbon-fueled rocket engines},
	url = {http://arc.aiaa.org/doi/10.2514/6.1980-1266},
	doi = {10.2514/6.1980-1266},
	publisher = {American Institute of Aeronautics and Astronautics},
	author = {Cook, R. and Quentmeyer, R.},
	urldate = {2020-08-31},
	date = {1980-06-30},
	langid = {english},
	file = {cook1980.pdf:/home/jkraan/Zotero/storage/M4ABZRVH/cook1980.pdf:application/pdf}
}

@report{masters_high-pressure_1988,
	title = {High-Pressure Calorimeter Chamber Tests for Liquid Oxygen/Kerosene ({LOX}/{RP}-1) Rocket Combustion},
	author = {Masters, Philip A. and Armstrong, Elisabeth S.},
	date = {1988},
	file = {19890006608.pdf:/home/jkraan/Zotero/storage/BSLJ55QV/19890006608.pdf:application/pdf}
}

@article{sellers_effect_1961,
	title = {Effect of Carbon Deposition on Heat Transfer in a {LOX}/{RP}-1 Thrust Chamber},
	author = {Sellers, John P.},
	date = {1961},
	file = {tecnical-notes-1961.pdf:/home/jkraan/Zotero/storage/48W3YYJF/tecnical-notes-1961.pdf:application/pdf}
}

@inproceedings{lausten_carbon_1985,
	title = {Carbon deposition with {LOX}/{RP}-1 propellants},
	url = {http://arc.aiaa.org/doi/10.2514/6.1985-1164},
	doi = {10.2514/6.1985-1164},
	publisher = {American Institute of Aeronautics and Astronautics},
	author = {Lausten, M. and Rousar, D. and Buccella, S.},
	urldate = {2020-08-31},
	date = {1985-07-08},
	langid = {english},
	file = {lausten1985.pdf:/home/jkraan/Zotero/storage/8XDC26IR/lausten1985.pdf:application/pdf}
}

@report{makel_carbon_1990,
	title = {Carbon Deposition Model for Oxygen/Hydrocarbon Combustion},
	author = {Makel, D.B.},
	date = {1990-05},
	file = {19900016779.pdf:/home/jkraan/Zotero/storage/GP58M6AG/19900016779.pdf:application/pdf;Volume 1:/home/jkraan/Zotero/storage/QSHKRWIJ/19880017870.pdf:application/pdf}
}

@software{lemmon_nist_2018,
	title = {{NIST} Standard Reference Database 23: Reference Fluid Thermodynamic and Transport Properties-{REFPROP}.},
	url = {https://www.nist.gov/srd/refprop},
	publisher = {National Institute of Standards and Technology},
	author = {Lemmon, E. W. and Bell, Ian H. and Huber, M. L. and {McLinden}, M. O.},
	date = {2018}
}